<?xml version="1.0" encoding="UTF-8"?><record xmlns="http://www.loc.gov/MARC21/slim" xmlns:cinclude="http://apache.org/cocoon/include/1.0" xmlns:zs="http://www.loc.gov/zing/srw/">
  <leader>00463nz  a2200133n  4500</leader>
  <controlfield tag="001">no2012035694</controlfield>
  <controlfield tag="003">DLC</controlfield>
  <controlfield tag="005">20120314075231.0</controlfield>
  <controlfield tag="008">120312n| acannaabn          |n aaa     c</controlfield>
  <datafield tag="010" ind1=" " ind2=" ">
    <subfield code="a">no2012035694</subfield>
  </datafield>
  <datafield tag="035" ind1=" " ind2=" ">
    <subfield code="a">(OCoLC)oca09140511</subfield>
  </datafield>
  <datafield tag="040" ind1=" " ind2=" ">
    <subfield code="a">IEN</subfield>
    <subfield code="b">eng</subfield>
    <subfield code="c">IEN</subfield>
  </datafield>
  <datafield tag="100" ind1="1" ind2=" ">
    <subfield code="a">Wildish, Sue</subfield>
  </datafield>
  <datafield tag="670" ind1=" " ind2=" ">
    <subfield code="a">CafeĚ food at home, 2011:</subfield>
    <subfield code="b">t.p. (Sue Wildish) back flap (left South Africa in 1985 for the UK, traveled in music industry for 20 years; investor in Knead Bakery [Cape Town])</subfield>
  </datafield>
</record>